@book{book:saleh,
   title =     {Fundamentals of photonics},
   author =    {Bahaa E. A. Saleh, Malvin Carl Teich},
   publisher = {Wiley},
   year =      {1991},
   series =    {Wiley series in pure and applied optics},
   edition =   {1st}}

@book{book:cohen,
   title =     {Photons and atoms},
   author =    {Cohen-Tannoudji C., Dupont-Ros J., Grynberg G.},
   publisher = {Wiley},
   year =      {1989}
   }

@phdthesis{thesis:masi,
	title = {Modeling of sequences of Silicon micro-Resonators for On-Chip Optical Routing and Switching},
	author = {Marco Masi},
	school = {University of Trento},
	year = {2011}
}

@phdthesis{phdthesis:borghi,
	title = {Linear, nonlinear and quantum optics in Silicon Photonics},
	author = {Borghi},
	school = {University of Trento},
	year = {2016}
}

@mastersthesis{thesis:borghi,
	author = {Massimo Borghi},
	title = {Disorder and optical non linearities in silicon on insulator microrings},
	school = {University of Trento},
	year = {2012}
}

@article{Liscidini2012,
  doi = {10.1103/physreva.85.013833},
  url = {https://doi.org/10.1103/physreva.85.013833},
  year  = {2012},
  month = {jan},
  publisher = {American Physical Society ({APS})},
  volume = {85},
  number = {1},
  author = {M. Liscidini and L. G. Helt and J. E. Sipe},
  title = {Asymptotic fields for a Hamiltonian treatment of nonlinear electromagnetic phenomena},
  journal = {Physical Review A}
}


@article{Leuthold2010,
  doi = {10.1038/nphoton.2010.185},
  url = {https://doi.org/10.1038/nphoton.2010.185},
  year  = {2010},
  month = {jul},
  publisher = {Springer Nature},
  volume = {4},
  number = {8},
  pages = {535--544},
  author = {J. Leuthold and C. Koos and W. Freude},
  title = {Nonlinear silicon photonics},
  journal = {Nature Photonics}
}


@article{Sipe2004,
  doi = {10.1103/physreve.69.016604},
  url = {https://doi.org/10.1103/physreve.69.016604},
  year  = {2004},
  month = {jan},
  publisher = {American Physical Society ({APS})},
  volume = {69},
  number = {1},
  author = {J. E. Sipe and Navin A. R. Bhat and Philip Chak and Suresh Pereira},
  title = {Effective field theory for the nonlinear optical properties of photonic crystals},
  journal = {Physical Review E}
}


@article{Helt2012,
  doi = {10.1364/josab.29.002199},
  url = {https://doi.org/10.1364/josab.29.002199},
  year  = {2012},
  month = {aug},
  publisher = {The Optical Society},
  volume = {29},
  number = {8},
  pages = {2199},
  author = {Lukas G. Helt and Marco Liscidini and John E. Sipe},
  title = {How does it scale? Comparing quantum and classical nonlinear optical processes in integrated devices},
  journal = {Journal of the Optical Society of America B}
}


@book{book:qoptics,
   title =     {Introductory quantum optics},
   author =    {Christopher Gerry, Peter Knight},
   publisher = {Cambridge University Press},
   year =      {2005},
   series =    {},
   edition =   {},
   volume =    {},
 }